<?xml version="1.0" encoding="UTF-8"?><collection xmlns="http://www.loc.gov/MARC21/slim"><record><leader>00404nam--2200157-i-4500</leader><controlfield tag="001">000027075</controlfield><controlfield tag="002">20161230</controlfield><controlfield tag="005">20170119005128</controlfield><controlfield tag="008">060222s1000------------r-----000-0-eng-d</controlfield><datafield ind1=" " ind2=" " tag="100"><subfield code="a">Israel, Hans</subfield></datafield><datafield ind1=" " ind2=" " tag="245"><subfield code="a">Luftelektrizitat und radioaktivitat</subfield></datafield><datafield ind1=" " ind2=" " tag="260"><subfield code="a">Berlin</subfield><subfield code="b">Springer-Verlag</subfield><subfield code="c">1957</subfield></datafield><datafield ind1=" " ind2=" " tag="300"><subfield code="a">VI+125 p</subfield></datafield><datafield ind1=" " ind2=" " tag="490"><subfield code="a">Verstandliche Wissenschaft</subfield></datafield><datafield ind1=" " ind2=" " tag="852"><subfield code="a">12612</subfield></datafield><datafield ind1=" " ind2=" " tag="CAT"><subfield code="a">SYS</subfield><subfield code="c">20170119</subfield><subfield code="h">005128</subfield></datafield></record></collection>